@article{blais1999people,
  title={Why do people vote? An experiment in rationality},
  author={Blais, Andr{\'e} and Young, Robert},
  journal={Public Choice},
  volume={99},
  number={1-2},
  pages={39--55},
  year={1999},
  publisher={Springer}
}
@inproceedings{hjalmarsson2018blockchain,
  title={Blockchain-Based E-Voting System},
  author={Hj{\'a}lmarsson, Fri{\dh}rik {\TH} and Hrei{\dh}arsson, Gunnlaugur K and Hamdaqa, Mohammad and Hj{\'a}lmt{\`y}sson, G{\'\i}sli},
  booktitle={2018 IEEE 11th International Conference on Cloud Computing (CLOUD)},
  pages={983--986},
  year={2018},
  organization={IEEE}
}
@article{nakamoto2008bitcoin,
  title={Bitcoin: A peer-to-peer electronic cash system},
  author={Nakamoto, Satoshi and others},
  year={2008},
  publisher={Working Paper}
}
@article{iansiti2017truth,
  title={The truth about blockchain},
  author={Iansiti, Marco and Lakhani, Karim R},
  journal={Harvard Business Review},
  volume={95},
  number={1},
  pages={118--127},
  year={2017}
}

@online{WinNT7,
  author = {Smartmatic},
  title = {www.smartmatic.com/voting/electronic-voting},
  year = 2018,
  url = {http://web.archive.org/web/20080207010024/http://www.808multimedia.com/winnt/kernel.htm},
  urldate = {2010-09-30}
}



@article{andrea,
  title={Elliptic Curve Cryptography: ECDH and ECDSA},
  author={Corbellini, Andrea},
  journal={Andrea Corbellini},
  year={2015}
}

@article{koblitz1987elliptic,
  title={Elliptic curve cryptosystems},
  author={Koblitz, Neal},
  journal={Mathematics of computation},
  volume={48},
  number={177},
  pages={203--209},
  year={1987}
}

@online{WinNT20,
  author = {Instructable},
  title = {www.instructables.com/id/Understanding-how-ECDSA-protects-your-data/},
  year = 2018,
  url = {https://www.instructables.com/id/Understanding-how-ECDSA-protects-your-data/},
  }
 @misc{ wiki:xxx,
    author = "{Wikipedia contributors}",
    title = "Trapdoor function --- {Wikipedia}{,} The Free Encyclopedia",
    year = "2019",
    url = "https://en.wikipedia.org/w/index.php?title=Trapdoor_function&oldid=883136048",
    note = "[Online; accessed 23-May-2019]"
  }
@article{schmid2015ecdsa,
  title={ECDSA-Application and Implementation Failures},
  author={Schmid, Markus},
  year={2015}
}
@inproceedings{vaudenay2003security,
  title={The Security of DSA and ECDSA},
  author={Vaudenay, Serge},
  booktitle={International Workshop on Public Key Cryptography},
  pages={309--323},
  year={2003},
  organization={Springer}
}
@article{oswald2002introduction,
  title={Introduction to elliptic curve cryptography},
  author={Oswald, Elisabeth},
  journal={Institute for Applied Information Processing and Communication, Graz University Technology},
  year={2002}
}
@online{WinNT21,
  author = {Wikimedia Commons},
  title = {Elliptic curve image by Tos-Own Work},
  year = 2017,
  url = {https://commons.wikimedia.org/w/index.php?curid=3553836},
  urldate = {2010-09-30}
  }
  @inproceedings{harper1992public,
  title={Public-key cryptosystems with very small key lengths},
  author={Harper, Greg and Menezes, Alfred and Vanstone, Scott},
  booktitle={Workshop on the Theory and Application of of Cryptographic Techniques},
  pages={163--173},
  year={1992},
  organization={Springer}
}
@article{brown2009standards,
  title={Standards for efficient cryptography, sec 1: elliptic curve cryptography},
  author={Brown, D},
  journal={Released Standard Version},
  volume={1},
  year={2009}
}
@online{WinNT22,
  author = {NSA},
  title = {cryptome.org/2016/01/CNSA-Suite-and-Quantum-Computing-FAQ.pdf},
  year = 2017,
  url = {https://cryptome.org/2016/01/CNSA-Suite-and-Quantum-Computing-FAQ.pdf},
  urldate = {2010-09-30}
  }
  @book{stinson2005cryptography,
  title={Cryptography: theory and practice},
  author={Stinson, Douglas R},
  year={2005},
  publisher={Chapman and Hall/CRC}
}
@misc{veerman2010elliptic,
  title={Elliptic Curve Cryptography},
  author={Veerman, Tom},
  year={2010},
  publisher={June}
}
@article{yinew,
  title={A New Blind ECDSA Scheme for Bitcoin Transaction Anonymity},
  author={Yi, Xun and Lam, Kwok-Yan and Gollmann, Dieter}
}
@article{popper2016venture,
  title={A venture fund with plenty of virtual capital, but no capitalist},
  author={Popper, Nathan},
  journal={New York Times},
  volume={21},
  year={2016}
}
@book{brito2013bitcoin,
  title={Bitcoin: A primer for policymakers},
  author={Brito, Jerry and Castillo, Andrea},
  year={2013},
  publisher={Mercatus Center at George Mason University}
}
@online{WinNT23,
  author = {cbinsights},
  title = {www.cbinsights.com/research/what-is-blockchain-technology/},
  year = 2018,
  url = {https://www.cbinsights.com/research/what-is-blockchain-technology/},
  urldate = {2010-09-30}
  }
  @online{WinNT24,
  author = {Forbes},
  title = {www.forbes.com/sites/bernardmarr/2018/01/22/35-amazing-real-world-examples-of-how-blockchain-is-changing-our-world/#1e7cc0da43b5},
  year = 2018,
  url = {https://www.forbes.com/sites/bernardmarr/2018/01/22/35-amazing-real-world-examples-of-how-blockchain-is-changing-our-world/#1e7cc0da43b5},
  urldate = {2010-09-30}
  }
  @online{WinNT25,
  author = {hackernoon},
  title = {hackernoon.com/blockchain-architecture-analysis-private-vs-public-vs-consortium-65eb061b907b},
  year = 2018,
  url = {https://hackernoon.com/blockchain-architecture-analysis-private-vs-public-vs-consortium-65eb061b907b},
  urldate = {2010-09-30}
  }
  @online{WinNT26,
  author = {Blockchain Explorer},
  title = {blockexplorer.com/blocks},
  year = 2017,
  url = {Blockchain Explorer https://blockexplorer.com/blocks},
  urldate = {2010-09-30}
  }
  @online{WinNT27,
  author = {goodaudience},
  title = {blog.goodaudience.com/how-a-miner-adds-transactions-to-the-blockchain-in-seven-steps-856053271476},
  year = 2018,
  url = {https://blog.goodaudience.com/how-a-miner-adds-transactions-to-the-blockchain-in-seven-steps-856053271476},
  urldate = {2010-09-30}
  }
  @online{WinNT28,
  author = {The Hindu},
  title = {www.hindu.com/thehindu/holnus/002200904121051.htm.},
  year = 2018,
  url = {http://www.hindu.com/thehindu/holnus/002200904121051.htm.},
  urldate = {2010-09-30}
  }
  @online{WinNT29,
  author = {ECI},
  title = {eci.gov.in/faqs/evm/general-qa/electronic-voting-machine-r2/},
  year = 2017,
  url = {eci.gov.in/faqs/evm/general-qa/electronic-voting-machine-r2/},
  urldate = {2010-09-30}
  }
  @inproceedings{wolchok2010security,
  title={Security analysis of India's electronic voting machines},
  author={Wolchok, Scott and Wustrow, Eric and Halderman, J Alex and Prasad, Hari K and Kankipati, Arun and Sakhamuri, Sai Krishna and Yagati, Vasavya and Gonggrijp, Rop},
  booktitle={Proceedings of the 17th ACM conference on Computer and communications security},
  pages={1--14},
  year={2010},
  organization={ACM}
}
@article{agarwala2006report,
  title={Report of the expert committee for evaluation of the upgraded electronic voting machine (EVM)},
  author={Agarwala, AK and Shahani, DT and Indiresan, PV},
  journal={New Delhi: Election Commission of India. Retrieved May},
  volume={5},
  pages={2014},
  year={2006}
}
@online{WinNT30,
  author = {Adhaar Card },
  title = {uidai.gov.in},
  year = 2018,
  url = {Adhaar Card : uidai.gov.in},
  urldate = {2010-09-30}
  }
  @online{WinNT31,
  author = {Ethereum},
  title = {www.ethereum.org},
  year = 2019,
  url = {Ethereum : www.ethereum.org},
  urldate = {2010-09-30}
  }
  @online{WinNT32,
  author = {Metamask},
  title = {metamask.io},
  year = 2018,
  url = {Metamask : metamask.io},
  urldate = {2010-09-30}
  }
  @article{maurer2000diffie,
  title={The Diffie--Hellman protocol},
  author={Maurer, Ueli M and Wolf, Stefan},
  journal={Designs, Codes and Cryptography},
  volume={19},
  number={2-3},
  pages={147--171},
  year={2000},
  publisher={Springer}
}
@book{dannen2017introducing,
  title={Introducing Ethereum and Solidity},
  author={Dannen, Chris},
  year={2017},
  publisher={Springer}
}
@online{WinNT33,
  author = {Exonum},
  title = {exonum.com},
  year = 2019,
  url = {https://exonum.com/},
  urldate = {2010-09-30}
  }
 @online{WinNT55,
  author = {Dapp University},
  title = {http://www.dappuniversity.com/articles/the-ultimate-ethereum-dapp-tutorial},
  year = 2019,
  url = {http://www.dappuniversity.com/articles/the-ultimate-ethereum-dapp-tutorial},
  urldate = {2010-09-30}
  }